@article{1,
	author	= "Alex Kogan and Erez Petrank",
 	title	= "Wait-Free {Q}ueues {W}ith Multiple {E}nqueuers and {D}equeuers",
    year	= "2011"
}  
@article{2,
	author	= "Maged M. Michael and Michael L. Scott",
 	title	= "Simple, Fast, and Practical Non-Blocking and Blocking Concurrent Queue Algorithms",
    year	= "1996",
    journal	= "ACM Symposium on Principles of Distributed Computing (PODC)",
    pages	= "267â€“-275"
}